@article{gerstenhaber_cohomology_of_associative_ring,
	title         = {The Cohomology Structure of an Associative Ring},
	author        = {Gerstenhaber, Murray},
	journaltitle  = {Annals of Mathematics},
	volume        = {78},
	number        = {2},
	pages         = {267--288},
	year          = {1963},
	url           = {http://www.jstor.org/stable/1970343},
	urldate       = {2019-04-23},
	doi           = {10.2307/1970343}
}

@article{albert_muckenhoupt_matrices_trace_zero,
	title         = {On matrices of trace zeros},
	author        = {Albert, A. A. and Muckenhoupt, Benjamin},
	journaltitle  = {Michigan Mathematical Journal},
	volume        = {4},
	number        = {1},
	pages         = {1--3},
	year          = {1957},
	url           = {https://projecteuclid.org/euclid.mmj/1028990168},
	urldate       = {2020-11-18},
	doi           = {10.1307/mmj/1028990168}
}



### UNUSED

@online {brown,
	AUTHOR  = {Brown, Ken},
	TITLE   = {Hopf Algebras},
	NOTE    = {Lecture notes},
	URL     = {http://www.maths.gla.ac.uk/~kab/Hopf lects 1-8.pdf},
	URLDATE = {2019-04-03}
}

@article {diamond_lemma,
	TITLE   = {The Diamond Lemma for Ring Theory},
	AUTHOR  = {Bergman, George M.},
	JOURNAL = {Advances in Mathematics},
	VOLUME  = {29},
	NUMBER  = {2},
	PAGES   = {178--218},
	YEAR    = {1978},
	ISSN    = {0001-8708},
	DOI     = {10.1016/0001-8708(78)90010-5}
}

@article {dixmier,
	AUTHOR        = {Dixmier, J.},
	TITLE         = {Repr\'esentations irr\'eductibles des alg\`ebres de {L}ie nilpotentes},
	JOURNALTITLE  = {Anais da Academia Brasileira de Ci\^encias},
	VOLUME        = {35},
	YEAR          = {1963},
	PAGES         = {491--519},
	ISSN          = {0001-3765}
}


@article {uea_of_witt_algebra_not_noetherian,
	TITLE   = {The universal enveloping algebra of the Witt algebra is not noetherian},
	AUTHOR  = {Susan J. Sierra and Chelsea Walton},
	JOURNAL = {Advances in Mathematics},
	VOLUME  = {262},
	PAGES   = {239--260},
	YEAR    = {2014},
	ISSN    = {0001-8708},
	DOI     = {https://doi.org/10.1016/j.aim.2014.05.007},
	URL     = {http://www.sciencedirect.com/science/article/pii/S000187081400173X},
	URLDATE = {2019-05-25}
}

@article {quillen,
	AUTHOR        = {Quillen, Daniel},
	TITLE         = {On the endomorphism ring of a simple module over an enveloping algebra},
	JOURNALTITLE  = {Proceedings of the American Mathematical Society},
	VOLUME        = {21},
	YEAR          = {1969},
	PAGES         = {171--172},
	ISSN          = {0002-9939},
	DOI           = {10.1090/S0002-9939-1969-0238892-4}
}

@book {bourbaki_algebra,
	TITLE     = {Algebra~I},
	SUBTITLE  = {Chapters~1--3},
	SERIES    = {Elements of Mathematics},
	AUTHOR    = {Bourbaki, Nicolas},
	PUBLISHER = {Springer-Verlag Berlin Heidelberg New York},
	YEAR      = {1989},
	EDITION   = {2nd printing}
}

@book {bourbaki_lie,
	TITLE     = {Lie Groups and Lie Algebras},
	SUBTITLE  = {Chapters~1--3},
	SERIES    = {Elements of Mathematics},
	AUTHOR    = {Bourbaki, Nicolas},
	PUBLISHER = {Springer-Verlag Berlin Heidelberg New York},
	YEAR      = {1989},
	EDITION   = {2nd printing},
	ISBN      = {3-540-50218-1}
}

@book{humphreys,
	TITLE     = {Introduction to Lie Algebras and Representation Theory},
	AUTHOR    = {Humphreys, James E.},
	PAGETOTAL = {xiii+173},
	YEAR      = {1972},
	PUBLISHER = {Springer Verlag},
	LOCATION  = {New York},
	SERIES    = {Graduate Texts in Mathematics},
	NUMBER    = {9},
	ISBN      = {978-0-387-90053-7},
	DOI       = {10.1007/978-1-4612-6398-2}
}


@book {introduction_to_noncommutative_noetherian,
	TITLE     = {An Introduction to Noncommutative Noetherian Rings},
	AUTHOR    = {Goodearl, K.R. and Warfield, Jr, R.B.},
	EDITION   = {2},
	SERIES    = {London Mathematical Society Student Texts},
	NUMBER    = {61},
	PUBLISHER = {Cambridge University Press},
	YEAR      = {2004},
	DOI       = {10.1017/CBO9780511841699}
}

@book {knapp,
	TITLE     = {Lie Groups, Lie Algebras, and Cohomology},
	AUTHOR    = {Knapp, Anthony W.},
	DATE      = {1988-05-21},
	PAGETOTAL = {xii+509},
	PUBLISHER = {Princeton University Press},
	LOCATION  = {Princeton, New Jersey},
	SERIES    = {Mathematical Notes},
	NUMBER    = {34},
	ISBN      = {978-0-6910-8498-5}
}

@book {kumar_lie_cohomology,
	TITLE     = {Kac--Moody Groups, their Flag Varieties and Representation Theory},
	AUTHOR    = {Kumar, Shrawan},
	PAGETOTAL = {xv+609},
	YEAR      = {2002},
	EDITION   = {1},
	PUBLISHER = {Birkh√§user},
	LOCATION  = {Basel},
	SERIES    = {Progress in Mathematics},
	NUMBER    = {204},
	ISBN      = {978-0-8176-4227-3},
	DOI       = {10.1007/978-1-4612-0105-2}
}

@book {lectures_on_sl2_modules,
	AUTHOR    = {Mazorchuk, Volodymyr},
	TITLE     = {Lectures on {$\mathfrak{sl}_2(\mathbb{C})$}-modules},
	PUBLISHER = {Imperial College Press, London},
	YEAR      = {2010},
	PAGES     = {x+263},
	ISBN      = {978-1-84816-517-5}
}

@book {noncommutative_noetherian,
	TITLE     = {Noncommutative Noetherian Rings},
	AUTHOR    = {McConnel, J. C. and Robson, J. C. and Small, L. W.},
	PAGETOTAL = {xx+636},
	PUBLISHER = {American Mathematical Society},
	SERIES    = {Graduate Studies in Mathematics},
	NUMBER    = {30},
	EDITION   = {Revised edition},
	YEAR      = {2001},
	ISBN      = {978-0-8218-2169-5},
	DOI       = {10.1090/gsm/030}
}

@book {tauvel_yu,
	TITLE     = {Lie Algebras and Algebraic Groups},
	AUTHOR    = {Tauvel, Patrice and Yu, Rupert W. T.},
	PAGES     = {xvi+656},
	EDITION   = {1},
	PUBLISHER = {Springer-Verlag Berlin Heidelberg},
	SERIES    = {Springer Monographs in Mathematics},
	YEAR      = {2005},
	ISBN      = {978-3-540-24170-6},
	DOI       = {10.1007/b139060}
}

@book {trees,
	TITLE         = {Trees},
	AUTHOR        = {Serre, Jean-Pierre},
	ORIGLANGUAGE  = {french},
	TRANSLATOR    = {Stillwell, John},
	YEAR          = 1980,
	PAGES         = {ix+142},
	PUBLISHER     = {Springer-Verlag Berlin Heidelberg},
	DOI           = {10.1007/978-3-642-61856-7}
}

@book{weibel_homological_algebra,
	title     = {An Introduction to Homological Algebra},
	author    = {Weibel, Charles A.},
	year      = {1994},
	pagetotal = {xiv+450},
	publisher = {Cambridge University Press},
	series    = {Cambridge Studies in Advanced Mathematics},
	number    = {38},
	isbn      = {978-0-521-55987-1},
	doi       = {10.1017/CBO9781139644136}
}



@book {winter,
	TITLE     = {Abstract Lie Algebras},
	AUTHOR    = {Winter, David J.},
	PUBLISHER = {The MIT Press},
	YEAR      = {1972},
	ISBN      = {0-262-23051-8}
}

@online {associated_generated,
	TITLE         = {Generators of associated graded algebra},
	AUTHOR        = {Lewis Topley},
	HOWPUBLISHED  = {MathOverflow},
	DATE          = {2015-11-24},
	URL           = {https://mathoverflow.net/q/224454},
	URLDATE       = {2019-04-12},
	LABEL         = {MO}
}

@online {extension_of_lie_algebras_arxiv,
	TITLE         = {Extensions of Lie algebras},
	AUTHOR        = {Alekseevsky, Dmitri and Michor, Peter W. and Ruppert, Wolfgang},
	DATE          = {2000-05-04},
	EPRINT        = {math/0005042v3},
	EPRINTTYPE    = {arxiv},
	EPRINTCLASS   = {math.DG},
	URLDATE       = {2020-05-10}
}

@online {extension_of_lie_algebras_nlab,
	TITLE         = {Lie algebra extension},
	HOWPUBLISHED  = {nLab},
	DATE          = {2020-03-28},
	URL           = {https://ncatlab.org/nlab/show/Lie+algebra+extension#classification_by_nonabelian_lie_algebra_cohomology},
	URLDATE       = {2020-05-10},
	LABEL         = {nL}
}

@online {nonabelian_lie_algebra_cohomology_nlab,
	TITLE         = {nonabelian Lie algebra cohomology},
	HOWPUBLISHED  = {nLab},
	DATE          = {2019-04-02},
	URL           = {https://ncatlab.org/nlab/show/nonabelian+Lie+algebra+cohomology#nonabelian_2cocycles},
	URLDATE       = {2020-05-10},
	LABEL         = {nL}
}

@online {pbw_deformation,
	TITLE         = {Nice proofs of the Poincar\'{e}--Birkhoff--Witt theorem},
	AUTHOR        = {user25309},
	HOWPUBLISHED  = {MathOverflow},
	DATE          = {2017-05-07},
	URL           = {https://mathoverflow.net/q/269192},
	URLDATE       = {2019-04-15},
	LABEL         = {MO}
}

@online {semidirect_jacobi,
	TITLE         = {Semi-direct product Lie algebra},
	AUTHOR        = {Dietrich Burde},
	HOWPUBLISHED  = {Mathematics Stack Exchange},
	DATE          = {2016-03-05},
	URL           = {https://math.stackexchange.com/q/1684527},
	URLDATE       = {2019-04-08},
	LABEL         = {MS}
}
