@book {Humphreys,
    AUTHOR = {Humphreys, James E.},
     TITLE = {Introduction to {L}ie Algebras and Representation Theory},
    SERIES = {Graduate Texts in Mathematics},
    NUMBER = {9},
 PUBLISHER = {Springer-Verlag New York},
      YEAR = {1972},
     PAGES = {xiii+173},
      ISBN = {978-0-387-90053-7},
       DOI = {10.1007/978-1-4612-6398-2}
}

@book {Lectures_on_sl2_modules,
    AUTHOR = {Mazorchuk, Volodymyr},
     TITLE = {Lectures on {$\mathfrak{sl}_2(\mathbb{C})$}-modules},
 PUBLISHER = {Imperial College Press, London},
      YEAR = {2010},
     PAGES = {x+263},
      ISBN = {978-1-84816-517-5}
}

@article {Dixmier,
    AUTHOR = {Dixmier, J.},
     TITLE = {Repr\'esentations irr\'eductibles des alg\`ebres de {L}ie nilpotentes},
   JOURNAL = {An.\ Acad.\ Brasil.\ Ci.},
  FJOURNAL = {Anais da Academia Brasileira de Ci\^encias},
    VOLUME = {35},
      YEAR = {1963},
     PAGES = {491--519},
      ISSN = {0001-3765}
}

@article {Quillen,
    AUTHOR = {Quillen, Daniel},
     TITLE = {On the endomorphism ring of a simple module over an enveloping algebra},
   JOURNAL = {Proc. Amer. Math. Soc.},
  FJOURNAL = {Proceedings of the American Mathematical Society},
    VOLUME = {21},
      YEAR = {1969},
     PAGES = {171--172},
      ISSN = {0002-9939},
       DOI = {10.1090/S0002-9939-1969-0238892-4}
}

@online {Brown,
    AUTHOR = {Brown, Ken},
    TITLE = {Hopf Algebras},
    NOTE = {Lecture notes},
    URL = {http://www.maths.gla.ac.uk/~kab/Hopf lects 1-8.pdf},
    URLDATE = {2019-04-03}
}
